<record><leader>00000cas a22000007a 4500</leader><controlfield tag="001">15490929</controlfield><controlfield tag="008">870406d191319uucouwr ne      0    0eng d</controlfield><datafield ind1=" " ind2=" " tag="010"><subfield code="a">sn 87090094 </subfield></datafield><datafield ind1=" " ind2=" " tag="040"><subfield code="a">PPM</subfield><subfield code="b">eng</subfield><subfield code="c">PPM</subfield><subfield code="d">CNQ</subfield><subfield code="d">OCLCQ</subfield></datafield><datafield ind1=" " ind2=" " tag="042"><subfield code="a">msc</subfield></datafield><datafield ind1="0" ind2=" " tag="130"><subfield code="a">Holyoke enterprise (Holyoke, Colo. : 1913)</subfield></datafield><datafield ind1="1" ind2="4" tag="245"><subfield code="a">The Holyoke enterprise.</subfield></datafield><datafield ind1="3" ind2="0" tag="246"><subfield code="a">Holyoke enterprise with which is combined the Phillips County herald</subfield></datafield><datafield ind1=" " ind2=" " tag="260"><subfield code="a">Holyoke, Colo. :</subfield><subfield code="b">R.N. White</subfield></datafield><datafield ind1=" " ind2=" " tag="310"><subfield code="a">Weekly,</subfield><subfield code="b">Sept. 17, 1931-</subfield></datafield><datafield ind1=" " ind2=" " tag="321"><subfield code="a">Semiweekly,</subfield><subfield code="b">Oct. 17, 1927-Sept. 14, 1931</subfield></datafield><datafield ind1=" " ind2=" " tag="321"><subfield code="a">Weekly,</subfield><subfield code="b">Jan. 17, 1913-Oct. 13, 1927</subfield></datafield><datafield ind1="0" ind2=" " tag="362"><subfield code="a">Vol. 13, no. 31 (Jan. 17, 1913)-</subfield></datafield><datafield ind1=" " ind2=" " tag="500"><subfield code="a">Published as: Holyoke enterprise with which is combined the Phillips County herald, Apr. 1, 1927-Oct. 13, 1927.</subfield></datafield><datafield ind1=" " ind2=" " tag="530"><subfield code="a">Available on microfilm from the Colorado Historical Society.</subfield></datafield><datafield ind1=" " ind2=" " tag="752"><subfield code="a">United States</subfield><subfield code="b">Colorado</subfield><subfield code="c">Phillips</subfield><subfield code="d">Holyoke.</subfield></datafield><datafield ind1="0" ind2="0" tag="780"><subfield code="t">Holyoke enterprise formerly Phillips County herald</subfield><subfield code="w">(DLC)sn 90051170</subfield></datafield><datafield ind1="0" ind2="5" tag="785"><subfield code="t">Phillips County herald</subfield><subfield code="w">(DLC)sn 90051168</subfield></datafield></record>